<record><leader>00000cai a22000007a 4500</leader><controlfield tag="001">262833628</controlfield><controlfield tag="006">m     o  d        </controlfield><controlfield tag="007">cr |||||||||||</controlfield><controlfield tag="008">081020c20069999fluwr nso     |   a2eng c</controlfield><controlfield tag="009">467</controlfield><datafield ind1=" " ind2=" " tag="010"><subfield code="a">  2008215836</subfield></datafield><datafield ind1=" " ind2=" " tag="040"><subfield code="a">NSD</subfield><subfield code="b">eng</subfield><subfield code="c">NSD</subfield><subfield code="d">NSD</subfield><subfield code="d">DLC</subfield><subfield code="d">NSD</subfield><subfield code="d">OCLCQ</subfield></datafield><datafield ind1=" " ind2=" " tag="012"><subfield code="l">1</subfield></datafield><datafield ind1="0" ind2=" " tag="022"><subfield code="a">1944-0820</subfield><subfield code="l">1944-0812</subfield><subfield code="2">1</subfield></datafield><datafield ind1=" " ind2=" " tag="037"><subfield code="b">The Weekly Newspapers, 5409 Overseas Highway, #343, Marathon, FL 33050</subfield></datafield><datafield ind1=" " ind2=" " tag="042"><subfield code="a">msc</subfield><subfield code="a">nsdp</subfield></datafield><datafield ind1="1" ind2="0" tag="050"><subfield code="a">ISSN RECORD</subfield></datafield><datafield ind1="1" ind2="0" tag="082"><subfield code="a">917</subfield><subfield code="2">14</subfield></datafield><datafield ind1=" " ind2="4" tag="222"><subfield code="a">The weekly newspapers</subfield><subfield code="b">(Online)</subfield></datafield><datafield ind1="0" ind2="4" tag="245"><subfield code="a">The weekly newspapers</subfield><subfield code="h">[electronic resource].</subfield></datafield><datafield ind1=" " ind2=" " tag="260"><subfield code="a">Marathon, FL :</subfield><subfield code="b">Weekly Newspapers,</subfield></datafield><datafield ind1=" " ind2=" " tag="310"><subfield code="a">Weekly</subfield></datafield><datafield ind1="1" ind2=" " tag="362"><subfield code="a">Began in 2003.</subfield></datafield><datafield ind1=" " ind2=" " tag="500"><subfield code="a">Title from banner (publisher's website viewed Oct. 20, 2008).</subfield></datafield><datafield ind1=" " ind2=" " tag="500"><subfield code="a">A community newspaper group covering South Florida and the South Keys in 5 print editions: The Homestead / Florida City Weekly; The Marathon; The Key Largo; The Tavernier weekly; the Islamorada Weekly; the Key West Weekly.</subfield></datafield><datafield ind1="2" ind2=" " tag="710"><subfield code="a">Weekly Newspapers (Firm).</subfield></datafield><datafield ind1="4" ind2=" " tag="740"><subfield code="a">The homestead / Florida City weekly</subfield></datafield><datafield ind1="4" ind2=" " tag="740"><subfield code="a">The Islamorada weekly</subfield></datafield><datafield ind1="4" ind2=" " tag="740"><subfield code="a">The Key Largo / Tavernier</subfield></datafield><datafield ind1="4" ind2=" " tag="740"><subfield code="a">The Kew West weekly</subfield></datafield><datafield ind1="0" ind2="8" tag="776"><subfield code="i">Also issued in print:</subfield><subfield code="t">Weekly newspapers</subfield><subfield code="x">1944-0812</subfield><subfield code="w">(DLC)  2008215835</subfield><subfield code="w">(OCoLC)262834092</subfield></datafield><datafield ind1="4" ind2="0" tag="856"><subfield code="u">http://www.keysweekly.com</subfield></datafield></record>